@article{Cazals2008,
author = {Cazals, F. and Pouget, M.},
journal = {ACM Trans. on Mathematical Software},
number = {3},
title = {\href{https://hal.inria.fr/inria-00329731/document}{Jet fitting 3: A Generic C++ Package for Estimating the Differential Properties on Sampled Surfaces via Polynomial Fitting}},
volume = {35},
year = {2008}
}
@article{Pottmann2009,
author = {Pottmann, H. and Wallner, J. and Huang, Q.-X. and Yang, Y.-L.},
journal = {Computer Aided Geometric Design},
number = {1},
pages = {37--60},
title = {\href{http://www.geometrie.tuwien.ac.at/ig/papers/tr146.pdf}{Integral Invariants for Robust Geometry Processing}},
volume = {26},
year = {2009}
}
@inproceedings{Lachaud2003,
author = {\TM{J-O. Lachaud} and Vialard, A.},
booktitle = {Proc. Discrete Geometry for Computer Imagery},
pages = {434--443},
title = {\href{https://www.lama.univ-savoie.fr/~lachaud/References/.../Lachaud03c-paper.ps.gz}{Geometric Measures on Arbitrary Dimensional Digital Surfaces}},
volume = {2886},
year = {2003}
}
@article{Sivignon2009,
author = {Sivignon, I. and \TM{D. Coeurjolly}},
journal = {Discrete Applied Mathematics},
number = {3},
pages = {558--570},
title = {\href{https://hal.archives-ouvertes.fr/hal-00350145/document}{Minimum Decomposition of a Digital Surface into Digital Plane Segments is NP-hard}},
volume = {157},
year = {2009}
}
@inproceedings{Charrier2011,
 author = {Charrier, E. and \TM{J-O. Lachaud}},
 title = {\href{http://www.lama.univ-savoie.fr/~lachaud/References/Charrier:2011-iwcia/Charrier:2011-iwcia-paper.pdf}{Maximal Planes and Multiscale Tangential Cover of 3D Digital Objects}},
 booktitle = {Proc. International Workshop on Combinatorial Image Analysis},
 year = {2011},
 pages = {132--143},
 numpages = {12},
}
@article{Sivignon2004,
author = {Sivignon, I. and Dupont, F. and Chassery, J.-M.},
journal = {Algorithmica},
number = {1},
pages = {25--43},
title = {\href{https://www.gipsa-lab.grenoble-inp.fr/~isabelle.sivignon/Articles/2004-Algorithmica.pdf}{Decomposition of a three-dimensional Discrete Object Surface into Discrete Plane Pieces}},
volume = {38},
year = {2004}
}
@inproceedings{LPRDGCI2016,
author = {\TM{J-O. Lachaud} and Proven{\c{c}}al, X. and \TM{T. Roussillon}},
booktitle = {Proc. Discrete Geometry for Computer Imagery.},
pages = {194--205},
title = {\href{http://liris.cnrs.fr/tristan.roussillon/articles/LPR-DGCI2016.pdf}{Computation of the Normal Vector to a Digital Plane by Sampling Significant Points}},
year = {2016}
}
@article{LPRJMIV2017,
author = {\TM{J-O. Lachaud} and Proven{\c{c}}al, X. and \TM{T. Roussillon}},
journal = {J. Math. Imaging Vis.}, 
number = {1},
pages = {23--39},
title = {\href{http://liris.cnrs.fr/tristan.roussillon/articles/LPR-JMIV2017.pdf}{Two Plane-Probing Algorithms for the Computation of the Normal Vector to a Digital Plane}},
volume = {59},
year = {2017}
}
@inproceedings{Labbe2011,
author = {Berth{\'{e}}, V. and \TM{S. Labb{\'{e}}}},
booktitle = {Proc. Discrete Geometry for Computer Imagery},
pages = {47--58},
title = {\href{http://www.slabbe.org/Publications/2011-DGCI-3d-lines.pdf}{An Arithmetic and Combinatorial Approach to three-dimensional Discrete Lines}},
year = {2011}
}
@article{Labbe2015,
author = {\TM{S. Labb{\'{e}}} and Reutenauer, C.},
journal = {Discrete and Computational Geometry},
number = {1},
pages = {152--181},
title = {\href{https://arxiv.org/pdf/1404.4021.pdf}{A d-dimensional Extension of Christoffel Words}},
volume = {54},
year = {2015}
}
@article{Fernique2009,
author = {Fernique, T.},
journal = {Pattern Recognition},
number = {10},
pages = {2229--2238},
title = {\href{https://lipn.univ-paris13.fr/~fernique/info/dgci_long.pdf}{Generation and Recognition of Digital Planes using multi-dimensional Continued Fractions}},
volume = {42},
year = {2009}
}
@inproceedings{Jamet2016,
author = {Jamet, D. and Lafreni{\`{e}}re, N. and Proven{\c{c}}al, X.},
booktitle = {Proc. Discrete Geometry for Computer Imagery},
pages = {45--56},
title = {\href{https://lama.univ-savoie.fr/~provencal/articles/Jamet_Lafreniere_Provencal--Generation_of_digital_planes_using_generalized_continued-fractions_algorithms--preprint--dgci.pdf}{Generation of Digital Planes using Generalized Continued-Fractions Algorithms}},
volume = {9647},
year = {2016}
}
@article{Kerautret2012,
  TITLE = {\href{http://ieeexplore.ieee.org/document/6138862/?reload=true}{Meaningful Scales Detection along Digital Contours for Unsupervised Local Noise Estimation}},
  AUTHOR = {\TM{B. Kerautret} and \TM{J-O. Lachaud}},
  JOURNAL = {{IEEE Trans. Pattern Anal. Mach. Intell.}},  
  VOLUME = {34},
  NUMBER = {12},
  PAGES = {2379--2392},
  YEAR = {2012}
}
@article{Barany1998,
author = {Barany, I. and Larman, D. G.},
journal = {Mathematische Annalen},
pages = {167--181},
title = {\href{http://www.renyi.hu/~barany/cikkek/73.pdf}{The Convex Hull of the Integer Points in a Large Ball}},
volume = {312},
year = {1998}
}
@article{Berthe2011,
abstract = {Dual maps have been introduced as a generalization to higher dimensions of word substitutions and free group morphisms. In this paper, we study the action of these dual maps on particular discrete planes and surfaces, namely stepped planes and stepped surfaces. We show that dual maps can be seen as discretizations of toral automorphisms. We then provide a connection between stepped planes and the Brun multi-dimensional continued fraction algorithm, based on a desubstitution process defined on local geometric configurations of stepped planes. By extending this connection to stepped surfaces, we obtain an effective characterization of stepped planes (more exactly, stepped quasi-planes) among stepped surfaces. {\textcopyright} 2010 Elsevier B.V. All rights reserved..},
author = {Berth{\'{e}}, Val{\'{e}}rie and Fernique, Thomas},
doi = {10.1016/j.disc.2010.12.007},
file = {:home/roussillon/Documents/references/MendeleyDesktop/Berth{\'{e}}, Fernique/2011/Berth{\'{e}}, Fernique - 2011 - Brun expansions of stepped surfaces.pdf:pdf},
issn = {0012365X},
journal = {Discrete Mathematics},
keywords = {Arithmetic discrete plane,Brun algorithm,Digital planarity,Discrete geometry,Dual map,Flip,Free group morphism,Multi-dimensional continued fraction,Stepped plane,Stepped surface,Substitution},
number = {7},
pages = {521--543},
title = {{Brun expansions of stepped surfaces}},
volume = {311},
year = {2011}
}
@article{LPRTCS2016,
author = {\TM{J-O. Lachaud} and Proven{\c{c}}al, X. and \TM{T. Roussillon}},
journal = {Theoretical Computer Science},
title = {\href{http://liris.cnrs.fr/tristan.roussillon/articles/LPR-TCS2016.pdf}{An output-sensitive algorithm to compute the normal vector of a digital plane}},
volume = {624},
year = {2016}
}

@inbook{Coeurjolly2012,
author = {\TM{D. Coeurjolly} and \TM{J-O. Lachaud} and \TM{T. Roussillon}},
booktitle = {\href{http://liris.cnrs.fr/tristan.roussillon/com/estimation.pdf}{Digital Geometry Algorithms: Theoretical Foundations and Applications to Computational Imaging}},
pages = {395--424},
title = {{Multigrid Convergence of Discrete Geometric Estimators}},
year = {2012}
}
